<collection xmlns="http://www.loc.gov/MARC21/slim">
<record>
  <leader>01261nam0a2200241 i 450 </leader>
  <controlfield tag="001">IT\ICCU\CNCE\023203</controlfield>
  <controlfield tag="005">20190123000000.0</controlfield>
  <datafield tag="012" ind1=" " ind2=" ">
    <subfield code="a">nta- I.r- u-t; dira (C) 1594 (R)</subfield>
    <subfield code="2">fei</subfield>
  </datafield>
  <datafield tag="100" ind1=" " ind2=" ">
    <subfield code="a">19970630d1594        0itac0103    ba</subfield>
  </datafield>
  <datafield tag="101" ind1=" " ind2=" ">
    <subfield code="a">LAT</subfield>
  </datafield>
  <datafield tag="102" ind1=" " ind2=" ">
    <subfield code="a">IT</subfield>
  </datafield>
  <datafield tag="200" ind1="1" ind2=" ">
    <subfield code="a">Tractatus de habilitatibus, quae in vtrique iuri operam daturo requiruntur. Vna cum practica vitae scholarium vtriusque iuris Antonii Viperae Narniensis iuris vtriusque, &amp; Academiae Partheniae Perusinae alumni</subfield>
  </datafield>
  <datafield tag="210" ind1=" " ind2=" ">
    <subfield code="a">Augustae Perusiae</subfield>
    <subfield code="c">\eredi di Andrea Bresciano!</subfield>
    <subfield code="e">Perusiae</subfield>
    <subfield code="g">apud haeredes Andreae Brixiani</subfield>
    <subfield code="h">1594</subfield>
  </datafield>
  <datafield tag="215" ind1=" " ind2=" ">
    <subfield code="a">\44! c., \1! c. di tav. ripieg.</subfield>
    <subfield code="d">8ʻ</subfield>
  </datafield>
  <datafield tag="620" ind1=" " ind2=" ">
    <subfield code="a">IT</subfield>
    <subfield code="d">Perugia</subfield>
  </datafield>
  <datafield tag="700" ind1=" " ind2="1">
    <subfield code="a">Vipera,</subfield>
    <subfield code="b">Antonio</subfield>
    <subfield code="3">IT\ICCU\CNCA\006612</subfield>
  </datafield>
  <datafield tag="712" ind1="0" ind2="0">
    <subfield code="a">Bresciano, Andrea - eredi</subfield>
    <subfield code="3">IT\ICCU\CNCT\000965</subfield>
    <subfield code="4">650</subfield>
  </datafield>
  <datafield tag="790" ind1=" " ind2="1">
    <subfield code="a">Vipara,</subfield>
    <subfield code="b">Antonius</subfield>
    <subfield code="3">IT\ICCU\CNCA\025438</subfield>
    <subfield code="z">Vipera, Antonio</subfield>
  </datafield>
  <datafield tag="801" ind1=" " ind2="3">
    <subfield code="a">IT</subfield>
    <subfield code="b">ICCU</subfield>
    <subfield code="c">20201114</subfield>
  </datafield>
  <datafield tag="899" ind1=" " ind2=" ">
    <subfield code="a">Biblioteca della Congregazione dell&apos;oratorio di S. Filippo Neri. Perugia</subfield>
    <subfield code="1">PG0144</subfield>
    <subfield code="2">UM1 42</subfield>
  </datafield>
  <datafield tag="899" ind1=" " ind2=" ">
    <subfield code="a">Biblioteca nazionale centrale. Roma</subfield>
    <subfield code="1">RM0267</subfield>
    <subfield code="2">BVE CR</subfield>
  </datafield>
  <datafield tag="911" ind1=" " ind2=" ">
    <subfield code="a">Sul front.</subfield>
    <subfield code="9">IT\ICCU\CNCM\002524</subfield>
  </datafield>
  <datafield tag="921" ind1=" " ind2=" ">
    <subfield code="a">IT\ICCU\CNCM\002524</subfield>
    <subfield code="b">Carit ̉(donna che allatta un bambino e ne tiene due in braccio). In cornice figurata.</subfield>
    <subfield code="c">U1042</subfield>
    <subfield code="f">CARITA&apos;</subfield>
    <subfield code="f">DONNA</subfield>
    <subfield code="f">BAMBINO</subfield>
    <subfield code="g">1594</subfield>
  </datafield>
</record>
</collection>
